@misc{wikipedia_darcy,
    howpublished={{\url{https://en.wikipedia.org/wiki/Darcy_friction_factor_formulae}}},
    title = {Darcy friction factor formulae},
}


@Article{KGA+18,
	author = {Koca, K. and Gen{\c c}, M.S. and A{\c c}{\i}kel,
                  H.H. and {\c C}agda{\c s}, M. and Bodur, T.M.},
	title =	 {Identification of flow phenomena over NACA 4412 wind
                  turbine airfoil at low Reynolds numbers and role of
                  laminar separation bubble on flow evolution},
	journal = {Energy},
	year = 	 {2018},
	OPTkey =	 {},
	volume = 	 {144},
	OPTnumber = 	 {},
	pages = 	 {750--764},
	OPTmonth = 	 {},
	note = 	 {https://doi.org/10.1016/j.energy.2017.12.0450360-5442/},
	OPTannote =  {}
}

@Unpublished{LeonardULg,
	author = {Olivier Leonard},
	title =	 {Notes de cours de TURBOMACHINES},
	note = 	 {MECA0467 - Universit{\'e} de Li{\`e}ge},
	OPTkey = {},
	OPTmonth = {},
	year = 	 {2010},
	OPTannote = {}
}

@Book{AbbottDoenhoff,
	author = 	 {Abbott, Ira H. and von Doenhoff, Albert E.},
	ALTeditor = 	 {},
	title = 			 {Theory of wing sections, including a summary of airfoil data},
	publisher = 	 {Dover publications inc., New York},
	year = 				 {1959},
	OPTkey = 			 {},
	OPTvolume = 	 {},
	OPTnumber = 	 {},
	OPTseries = 	 {},
	OPTaddress = 	 {},
	OPTedition = 	 {},
	OPTmonth = 		 {},
	OPTnote = 		 {},
	OPTannote = 	 {}
}

@Misc{wikimedia_jetEngine,
title = 		 {Jet engine parts},
	howpublished = {Wikimedia commons, {\url{https://commons.wikimedia.org/wiki/File:Jet_engine_numbered.svg}}},
}

@Misc{wikimedia_kineticEnergyFactors,
	title = 		 {Kinetic energy factors for pipe flow},
howpublished = {Wikimedia commons, {\url{https://commons.wikimedia.org/wiki/File:Kinetic_energy_factors_for_pipe_flow.png}}}
}



@Misc{wikimedia_stress,
	OPTkey = 			 {Cauchy stress tensor},
	OPThowpublished = {Wikimedia commons, {\url{https://commons.wikimedia.org/wiki/File:Components_stress_tensor.svg}}},
}

@Misc{wikimedia_MoodyDiagram,
  title = {Moody diagram},
  howpublished = {Wikimedia commons, {\url{https://commons.wikimedia.org/wiki/File:Moody_EN.svg}}}
}

@Article{ZSX+13,
	author = 			 {Zhang, Q. and Shi, W. and Xu, Y. and Gao,
                  X. Wang, C.  and Lu, W. and Ma, D.},
	title = 			 {A New Proposed Return Guide Vane for Compact
                  Multistage Centrifugal Pumps},
	journal = 		 {International Journal of Rotating Machinery},
	year = 				 {2013},
	OPTkey = 			 {},
	volume = 	 {2013},
	OPTnumber = 	 {},
	OPTpages = 		 {},
	OPTmonth = 		 {},
	note = 		 {http://dx.doi.org/10.1155/2013/683713},
	OPTannote = 	 {}
}

@Book{Vavra,
    author = {Michael H. Vavra},
    title = {Aero-{T}hermodynamics and {F}low in {T}urbomachines},
    publisher = {John Wiley and Sons, Inc.},
    year = {1960}
}

@Book{EDick,
    author = {Erik Dick},
    title = {Fundamentals of {T}urbomachinery},
    publisher = {Springer},
    year = {2015},
    series = {Fluid Mechanics and Its Applications},
    volume = {109}
}
        
@Book{CBrennen,
    author = {Christopher E. Brennen},
    title = {Hydrodynamics of {P}umps},
    publisher = {Oxford University Press},
    year = {1994}
}

@Book{NCumpsty,
    author = {Nicholas E. Cumpsty},
    title = {Compressor {A}erodynamics},
    publisher = {Krieger Publishing Company},
    year = {2004}
}

@Book{LaCavitation,
    author = {Franc, J.P. and Avellan, F. and Belahadji, B. and
                  Billard, J.Y. and Brian{\c c}on-Marjollet and
                  Fr{\'e}chou and Fruman, D.H. and Karimi, A. and
                  Kueny, J.L. and Michel, J.M.},
    title = {La {C}avitation - {M}{\'e}canismes {P}hysiques et
                  {A}spects {I}ndustriels},
    publisher = {Presses Universitaires de Grenoble},
    year = {1995}
}
    
@Book{Stepanoff,
    author = {Alexey J. Stepanoff},
    title = {{C}entrifugal and {A}xial {F}low {P}umps},
    publisher = {Krieger Publishing Company},
    year = {1957},
    edition = {2nd}
}

@Book{Horlock,
    author = {J.H. Horlock},
    title = {{A}xial {F}low {C}ompressors},
    publisher = {Krieger Publishing Company},
    year = {1958 (upd. 1985)}
}
    
@Book{Eck,
    author = {Bruno Eck},
    title = {{D}esign and {O}peration of {C}entrifugal, {A}xial-{F}low
                  and {C}ross-{F}low {F}ans},
    publisher = {Pergamon Press},
    year = {1973}
}

@TechReport{NACA-TN-3916,
	author = 			 {Herrig, L.J. and Emery, J.C. and Erwin, J.R.},
	title = 			 {Systematic two-dimensional cascade tests of {NACA}
                  65-series compressor blades at low speeds},
	institution =  {NACA},
	year = 				 {1957},
	OPTkey = 			 {},
	type = 		 {TN},
	number = 	 {3916},
	OPTaddress = 	 {},
	OPTmonth = 		 {},
	OPTnote = 		 {},
	OPTannote = 	 {}
}


@TechReport{Mellor57,
	author = 			 {Mellor, G.},
	title = 			 {The Aerodynamic Performance of Axial Compressor
                  Cascades With Application to Machine Design},
	institution =  {MIT},
	year = 				 {1957},
	OPTkey = 			 {},
	type = 		 {Gas turbine lab report},
	number = 	 {35},
	OPTaddress = 	 {},
	OPTmonth = 		 {},
	OPTnote = 		 {},
	OPTannote = 	 {}
}
