@Article{TZC+96,
	author = 			 {Tan, L. and Zhu, B. and Cao, S. and Wang, Y. and
                  Wang, B.},
	title = 			 {Influence of prewhirl regulation by inlet guide
                  vanes on cavitation performance of a centrifugal
                  pump},
	journal = 		 {Energies},
	year = 				 {2014},
	key = 			 {doi:10.3390/en7021050},
	volume = 	   {7},
	OPTnumber = 	 {},
	pages = 		 {1050--1065},
	OPTmonth = 		 {},
	OPTnote = 		 {},
	OPTannote = 	 {}
}


@Misc{KSB,
	OPTkey = 			 {},
	OPTauthor = 	 {},
	title = 		 {{KSB} centrifugal pump lexicon},
	howpublished = {\url{https://www.ksb.com/centrifugal-pump-lexicon}},
	OPTmonth = 		 {},
	OPTyear = 		 {},
	OPTnote = 		 {},
	OPTannote = 	 {}
}
